% Modeling of rateless code block size
% 2013-11-21

%amazon found every 100 ms of latency cost them 1% in sales
%http://blog.gigaspaces.com/amazon-found-every-100ms-of-latency-cost-them-1-in-sales/
%G. Linden. Make Data Useful.http://sites.google.com/site/glinden/Home/
StanfordDataMining.2006-11-28.ppt, 2006.
@article{linden2006make,
  title={Make data useful},
  author={Linden, Greg},
  journal={Presentation, Amazon, November},
  year={2006}
}

@article{balakrishnan2011maelstrom,
  title={Maelstrom: transparent error correction for communication between data centers},
  author={Balakrishnan, Mahesh and Marian, Tudor and Birman, Kenneth P and Weatherspoon, Hakim and Ganesh, Lakshmi},
  journal={IEEE/ACM Transactions on Networking (ToN)},
  volume={19},
  number={3},
  pages={617--629},
  year={2011},
  publisher={IEEE Press}
}

@article{bonello2011low,
  title={Low-density parity-check codes and their rateless relatives},
  author={Bonello, Nicholas and Chen, Sheng and Hanzo, Lajos},
  journal={IEEE Communications Surveys and Tutorials},
  volume={13},
  number={1},
  pages={3--26},
  year={2011}
}

%MacKay D J C. Fountain codes[C]//Communications, IEE Proceedings-. IET, 2005, 152(6): 1062-1068.
@inproceedings{mackay2005fountain,
  title={Fountain codes},
  author={MacKay, David JC},
  booktitle={Communications, IEE Proceedings-},
  volume={152},
  number={6},
  pages={1062--1068},
  year={2005},
  organization={IET}
}

@inproceedings{luby2002lt,
  title={{LT} codes},
  author={Luby, M.},
  booktitle={The 43rd Annual IEEE Symposium on Foundations of Computer Science, 2002. Proceedings.},
  pages={271--280},
  year={2002},
  organization={IEEE}
}

%% 1056
@article{shokrollahi2006raptor,
  title={Raptor codes},
  author={Shokrollahi, A.},
  journal={IEEE Transactions on Information Theory},
  volume={52},
  number={6},
  pages={2551--2567},
  year={2006},
  publisher={IEEE}
}

@article{richardson2001design,
  title={Design of capacity-approaching irregular low-density parity-check codes},
  author={Richardson, T.J. and Shokrollahi, M.A. and Urbanke, R.L.},
  journal={IEEE Transactions on Information Theory},
  volume={47},
  number={2},
  pages={619--637},
  year={2001},
  publisher={IEEE}
}

@article{richardson2001efficient,
  title={Efficient encoding of low-density parity-check codes},
  author={Richardson, T.J. and Urbanke, R.L.},
  journal={Information Theory, IEEE Transactions on},
  volume={47},
  number={2},
  pages={638--656},
  year={2001},
  publisher={IEEE}
}


@article{RFC6330,
  title={RaptorQ Forward Error Correction Scheme for Object Delivery},
  author={Luby, M. and Shokrollahi, A. and Watson, M. and Stockhammer, T. and Minder, L.},
  journal={RFC6330-http://tools.ietf.org/html/rfc6330},
  year={2011}
}

@article{RFC5053,
  title={Raptor Forward Error Correction Scheme for Object Delivery},
  author={Luby, M. and Shokrollahi, A. and Watson, M. and Stockhammer, T.},
  journal={RFC5053-http://tools.ietf.org/html/rfc5053},
  year={2007}
}

%Gudipati A, Katti S. Strider: Automatic rate adaptation and collision handling[C]//ACM SIGCOMM Computer Communication Review. ACM, 2011, 41(4): 158-169.
@inproceedings{gudipati2011strider,
  title={Strider: Automatic rate adaptation and collision handling},
  author={Gudipati, Aditya and Katti, Sachin},
  booktitle={ACM SIGCOMM Computer Communication Review},
  volume={41},
  number={4},
  pages={158--169},
  year={2011},
  organization={ACM}
}

@inproceedings{gudipati2012automac,
  title={AutoMAC: rateless wireless concurrent medium access},
  author={Gudipati, Aditya and Pereira, Stephanie and Katti, Sachin},
  booktitle={Proceedings of the 18th annual international conference on Mobile computing and networking},
  pages={5--16},
  year={2012},
  organization={ACM}
}

%Perry J, Iannucci P A, Fleming K E, et al. Spinal codes[C]//Proceedings of the ACM SIGCOMM 2012 conference on Applications, technologies, architectures, and protocols for computer communication. ACM, 2012: 49-60.
@inproceedings{perry2012spinal,
  title={Spinal codes},
  author={Perry, Jonathan and Iannucci, Peter A and Fleming, Kermin E and Balakrishnan, Hari and Shah, Devavrat},
  booktitle={Proceedings of the ACM SIGCOMM 2012 conference on Applications, technologies, architectures, and protocols for computer communication},
  pages={49--60},
  year={2012},
  organization={ACM}
}

@inproceedings{iannucci2012no,
  title={No symbol left behind: a link-layer protocol for rateless codes},
  author={Iannucci, Peter Anthony and Perry, Jonathan and Balakrishnan, Hari and Shah, Devavrat},
  booktitle={Proceedings of the 18th annual international conference on Mobile computing and networking},
  pages={17--28},
  year={2012},
  organization={ACM}
}

%Sun Y, Koksal C E, Lee S J, et al. Network control without CSI using rateless codes for downlink cellular systems. 2013.
@inproceedings{sun2013network,
  title={Network control without CSI using rateless codes for downlink cellular systems},
  author={Sun, Yin and Koksal, C Emre and Lee, Sung-Ju and Shroff, Ness B},
  booktitle={INFOCOM, 2013 Proceedings IEEE},
  year={2013},
  organization={IEEE}
}

%21
%Draper S C, Kschischang F R, Frey B. Rateless coding for arbitrary channel mixtures with decoder channel state information[J]. Information Theory, IEEE Transactions on, 2009, 55(9): 4119-4133.
@article{draper2009rateless,
  title={Rateless coding for arbitrary channel mixtures with decoder channel state information},
  author={Draper, Stark C and Kschischang, Frank R and Frey, Brendan},
  journal={Information Theory, IEEE Transactions on},
  volume={55},
  number={9},
  pages={4119--4133},
  year={2009},
  publisher={IEEE}
}

%205
%Etesami O, Shokrollahi A. Raptor codes on binary memoryless symmetric channels[J]. Information Theory, IEEE Transactions on, 2006, 52(5): 2033-2051.
@article{etesami2006raptor,
  title={Raptor codes on binary memoryless symmetric channels},
  author={Etesami, Omid and Shokrollahi, Amin},
  journal={Information Theory, IEEE Transactions on},
  volume={52},
  number={5},
  pages={2033--2051},
  year={2006},
  publisher={IEEE}
}

%H. Balakrishnan, P. Iannucci, J. Perry, and D. Shah, “De-randomizing Shannon: The design and analysis of a capacity-achieving rateless code,” 2012, submitted to IEEE Trans. Inf. Theory. [Online]. Available: http://arxiv.org/abs/1206.0418
@article{balakrishnan2012randomizing,
  title={De-randomizing Shannon: The design and analysis of a capacity-achieving rateless code},
  author={Balakrishnan, Hari and Iannucci, Peter and Perry, Jonathan and Shah, Devavrat},
  journal={arXiv preprint arXiv:1206.0418},
  year={2012}
}

@inproceedings{padhye1998modeling,
  title={Modeling {TCP} throughput: A simple model and its empirical validation},
  author={Padhye, Jitendra and Firoiu, Victor and Towsley, Don and Kurose, Jim},
  booktitle={ACM SIGCOMM Computer Communication Review},
  volume={28},
  number={4},
  pages={303--314},
  year={1998},
  organization={ACM}
}

@inproceedings{ferorelli2002live,
  title={Live Internet measurements using Westwood+ {TCP} congestion control},
  author={Ferorelli, Roberto and Grieco, Luigi Alfredo and Mascolo, Saverio and Piscitelli, Giacomo and Camarda, Pietro},
  booktitle={Global Telecommunications Conference, 2002. GLOBECOM'02. IEEE},
  volume={3},
  pages={2583--2587},
  year={2002},
  organization={IEEE}
}

@article{briscoe2007flow,
  title={Flow rate fairness: Dismantling a religion},
  author={Briscoe, Bob},
  journal={ACM SIGCOMM Computer Communication Review},
  volume={37},
  number={2},
  pages={63--74},
  year={2007},
  publisher={ACM}
}

@article{braden1998recommendations,
  title={Recommendations on queue management and congestion avoidance in the Internet},
  author={Braden, Bob and Clark, David and Crowcroft, Jon and Davie, Bruce and Deering, Steve and Estrin, Deborah and Floyd, Sally and Jacobson, Van and Minshall, Greg and Partridge, Craig and others},
  year={1998},
  publisher={RFC 2309, april}
}

@inproceedings{baldantoni2004adaptive,
  title={Adaptive end-to-end {FEC} for improving {TCP} performance over wireless links},
  author={Baldantoni, Luca and Lundqvist, Henrik and Karlsson, Gunnar},
  booktitle={Communications, 2004 IEEE International Conference on},
  volume={7},
  pages={4023--4027},
  year={2004},
  organization={IEEE}
}

@incollection{tickoo2005lt,
  title={{LT-TCP}: End-to-end framework to improve {TCP} performance over networks with lossy channels},
  author={Tickoo, Omesh and Subramanian, Vijaynarayanan and Kalyanaraman, Shivkumar and Ramakrishnan, KK},
  booktitle={Quality of Service--IWQoS 2005},
  pages={81--93},
  year={2005},
  publisher={Springer}
}

@inproceedings{sundararajan2009network,
  title={Network coding meets {TCP}},
  author={Sundararajan, Jay Kumar and Shah, Devavrat and M{\'e}dard, Muriel and Mitzenmacher, Michael and Barros, Joao},
  booktitle={INFOCOM 2009, IEEE},
  pages={280--288},
  year={2009},
  organization={IEEE}
}

@article{sundararajan2011network,
  title={Network coding meets {TCP}: Theory and implementation},
  author={Sundararajan, Jay Kumar and Shah, Devavrat and M{\'e}dard, Muriel and Jakubczak, Szymon and Mitzenmacher, Michael and Barros, Joao},
  journal={Proceedings of the IEEE},
  volume={99},
  number={3},
  pages={490--512},
  year={2011},
  publisher={IEEE}
}

@article{kim2012network,
  title={Network coded {TCP} ({CTCP})},
  author={Kim, MinJi and Cloud, Jason and ParandehGheibi, Ali and Urbina, Leonardo and Fouli, Kerim and Leith, Douglas and M{\'e}dard, Muriel},
  journal={arXiv preprint arXiv:1212.2291},
  year={2012}
}

@inproceedings{vulimiri2012more,
  title={More is less: reducing latency via redundancy},
  author={Vulimiri, Ashish and Michel, Oliver and Godfrey, P and Shenker, Scott},
  booktitle={Proceedings of the 11th ACM Workshop on Hot Topics in Networks},
  pages={13--18},
  year={2012},
  organization={ACM}
}

@inproceedings{flach2013reducing,
  title={Reducing web latency: the virtue of gentle aggression},
  author={Flach, Tobias and Dukkipati, Nandita and Terzis, Andreas and Raghavan, Barath and Cardwell, Neal and Cheng, Yuchung and Jain, Ankur and Hao, Shuai and Katz-Bassett, Ethan and Govindan, Ramesh},
  booktitle={Proceedings of the ACM SIGCOMM 2013 conference on SIGCOMM},
  pages={159--170},
  year={2013},
  organization={ACM}
}

@inproceedings{xu2014repflow,
  title={RepFlow: Minimizing flow completion times with replicated flows in data centers},
  author={Xu, Hong and Li, Baochun},
  booktitle={INFOCOM 2014, IEEE},
  year={2014},
  organization={IEEE}
}

@inproceedings{sharma2008mplot,
  title={MPLOT: A transport protocol exploiting multipath diversity using erasure codes},
  author={Sharma, Vicky and Kalyanaraman, Shivkumar and Kar, Koushik and Ramakrishnan, KK and Subramanian, Vijaynarayanan},
  booktitle={INFOCOM 2008. The 27th Conference on Computer Communications. IEEE},
  year={2008},
  organization={IEEE}
}

@inproceedings{cui2012fmtcp,
  title={{FMTCP}: A fountain code-based multipath transmission control protocol},
  author={Cui, Yong and Wang, Xin and Wang, Hongyi and Pan, Guangjin and Wang, Yining},
  booktitle={Distributed Computing Systems (ICDCS), 2012 IEEE 32nd International Conference on},
  pages={366--375},
  year={2012},
  organization={IEEE}
}

@article{cui2014fmtcp, 
	author={Cui, Y. and Wang, L. and Wang, X. and Wang, H. and Wang, Y.}, 
	journal={Networking, IEEE/ACM Transactions on}, 
	title={{FMTCP}: A Fountain Code-Based Multipath Transmission Control Protocol}, 
	year={2014}, 	 
	volume={PP}, 
	number={99}, 
	pages={1-1}, 
	doi={10.1109/TNET.2014.2300140}, 
	ISSN={1063-6692}
}

@article{kim2012ctcp,
  title={{CTCP}: Coded {TCP} using multiple paths},
  author={Kim, MinJi and ParandehGheibi, Ali and Urbina, Leonardo and Meedard, Muriel},
  journal={arXiv preprint arXiv:1212.1929},
  year={2012}
}

@inproceedings{li2012network,
  title={Network coding based multipath {TCP}},
  author={Li, Ming and Lukyanenko, Andrey and Cui, Yong},
  booktitle={Computer Communications Workshops (INFOCOM WKSHPS), 2012 IEEE Conference on},
  pages={25--30},
  year={2012},
  organization={IEEE}
}

@inproceedings{li2013tolerating,
  title={Tolerating path heterogeneity in multipath {TCP} with bounded receive buffers},
  author={Li, Ming and Lukyanenko, Andrey and Tarkoma, Sasu and Cui, Yong and Yl{\"a}-J{\"a}{\"a}ski, Antti},
  booktitle={Proceedings of the ACM SIGMETRICS/international conference on Measurement and modeling of computer systems},
  pages={375--376},
  year={2013},
  organization={ACM}
}

@article{li2014tolerating,
  title={Tolerating path heterogeneity in multipath {TCP} with bounded receive buffers},
  author={Li, Ming and Lukyanenko, Andrey and Tarkoma, Sasu and Cui, Yong and Yl{\"a}-J{\"a}{\"a}ski, Antti},
  journal={Computer Networks},
  volume={64},
  pages={1 - 14},
  year={2014},
  publisher={Elsevier}
}
@article{rfc6182,
  title={Architectural guidelines for multipath {TCP} development},
  author={Ford, A. and Raiciu, C. and Handley, M. and Barr{\'e}, S. and Iyengar, J.},
  journal={IETF, Informational RFC},
  volume={6182},
  pages={2070--1721},
  year={2011}
}

@article{RFC6824,
  title={{TCP} extensions for multipath operation with multiple addresses},
  author={Ford, A. and Raiciu, C. and Handley, M. and Bonaventure, O.},
  journal={RFC6824-http://tools.ietf.org/html/rfc6824},
  year={2013}
}

@article{barre2011multipath,
  title={MultiPath {TCP}: from theory to practice},
  author={Barr{\'e}, S. and Paasch, C. and Bonaventure, O.},
  journal={NETWORKING 2011},
  pages={444--457},
  year={2011},
  publisher={Springer}
}

